%YAML 1.1
%TAG !u! tag:unity3d.com,2011:
--- !u!1 &2779231195173837166
GameObject:
  m_ObjectHideFlags: 0
  m_CorrespondingSourceObject: {fileID: 0}
  m_PrefabInstance: {fileID: 0}
  m_PrefabAsset: {fileID: 0}
  serializedVersion: 6
  m_Component:
  - component: {fileID: 2779231195173837161}
  m_Layer: 0
  m_Name: FX
  m_TagString: FX
  m_Icon: {fileID: 0}
  m_NavMeshLayer: 0
  m_StaticEditorFlags: 0
  m_IsActive: 1
--- !u!4 &2779231195173837161
Transform:
  m_ObjectHideFlags: 0
  m_CorrespondingSourceObject: {fileID: 0}
  m_PrefabInstance: {fileID: 0}
  m_PrefabAsset: {fileID: 0}
  m_GameObject: {fileID: 2779231195173837166}
  m_LocalRotation: {x: 0, y: 0, z: 0, w: 1}
  m_LocalPosition: {x: 0, y: 9.78, z: 0}
  m_LocalScale: {x: 2, y: 2, z: 2}
  m_Children:
  - {fileID: 2779231196993169946}
  - {fileID: 2779231196543454606}
  m_Father: {fileID: 2779231196030018451}
  m_RootOrder: 1
  m_LocalEulerAnglesHint: {x: 0, y: 0, z: 0}
--- !u!1 &2779231196030018448
GameObject:
  m_ObjectHideFlags: 0
  m_CorrespondingSourceObject: {fileID: 0}
  m_PrefabInstance: {fileID: 0}
  m_PrefabAsset: {fileID: 0}
  serializedVersion: 6
  m_Component:
  - component: {fileID: 2779231196030018451}
  m_Layer: 0
  m_Name: PlayerManager
  m_TagString: Untagged
  m_Icon: {fileID: 0}
  m_NavMeshLayer: 0
  m_StaticEditorFlags: 0
  m_IsActive: 1
--- !u!4 &2779231196030018451
Transform:
  m_ObjectHideFlags: 0
  m_CorrespondingSourceObject: {fileID: 0}
  m_PrefabInstance: {fileID: 0}
  m_PrefabAsset: {fileID: 0}
  m_GameObject: {fileID: 2779231196030018448}
  m_LocalRotation: {x: 0, y: 0, z: 0, w: 1}
  m_LocalPosition: {x: -12.91, y: 10.02, z: 0}
  m_LocalScale: {x: 1, y: 1, z: 1}
  m_Children:
  - {fileID: 2779231195234428999}
  - {fileID: 2779231195173837161}
  m_Father: {fileID: 0}
  m_RootOrder: 0
  m_LocalEulerAnglesHint: {x: 0, y: 0, z: 0}
--- !u!1001 &18457942018557163
PrefabInstance:
  m_ObjectHideFlags: 0
  serializedVersion: 2
  m_Modification:
    m_TransformParent: {fileID: 2779231195173837161}
    m_Modifications:
    - target: {fileID: 2796809495173082864, guid: 3c2fea5aadf2db545bc61dd3dd2dbf30, type: 3}
      propertyPath: m_Name
      value: FX_Dust_Land
      objectReference: {fileID: 0}
    - target: {fileID: 2796809495173082864, guid: 3c2fea5aadf2db545bc61dd3dd2dbf30, type: 3}
      propertyPath: m_IsActive
      value: 0
      objectReference: {fileID: 0}
    - target: {fileID: 2796809495173082865, guid: 3c2fea5aadf2db545bc61dd3dd2dbf30, type: 3}
      propertyPath: m_RootOrder
      value: 0
      objectReference: {fileID: 0}
    - target: {fileID: 2796809495173082865, guid: 3c2fea5aadf2db545bc61dd3dd2dbf30, type: 3}
      propertyPath: m_LocalScale.x
      value: 1
      objectReference: {fileID: 0}
    - target: {fileID: 2796809495173082865, guid: 3c2fea5aadf2db545bc61dd3dd2dbf30, type: 3}
      propertyPath: m_LocalScale.y
      value: 1
      objectReference: {fileID: 0}
    - target: {fileID: 2796809495173082865, guid: 3c2fea5aadf2db545bc61dd3dd2dbf30, type: 3}
      propertyPath: m_LocalScale.z
      value: 1
      objectReference: {fileID: 0}
    - target: {fileID: 2796809495173082865, guid: 3c2fea5aadf2db545bc61dd3dd2dbf30, type: 3}
      propertyPath: m_LocalPosition.x
      value: 0
      objectReference: {fileID: 0}
    - target: {fileID: 2796809495173082865, guid: 3c2fea5aadf2db545bc61dd3dd2dbf30, type: 3}
      propertyPath: m_LocalPosition.y
      value: 0
      objectReference: {fileID: 0}
    - target: {fileID: 2796809495173082865, guid: 3c2fea5aadf2db545bc61dd3dd2dbf30, type: 3}
      propertyPath: m_LocalPosition.z
      value: 0
      objectReference: {fileID: 0}
    - target: {fileID: 2796809495173082865, guid: 3c2fea5aadf2db545bc61dd3dd2dbf30, type: 3}
      propertyPath: m_LocalRotation.w
      value: 1
      objectReference: {fileID: 0}
    - target: {fileID: 2796809495173082865, guid: 3c2fea5aadf2db545bc61dd3dd2dbf30, type: 3}
      propertyPath: m_LocalRotation.x
      value: 0
      objectReference: {fileID: 0}
    - target: {fileID: 2796809495173082865, guid: 3c2fea5aadf2db545bc61dd3dd2dbf30, type: 3}
      propertyPath: m_LocalRotation.y
      value: 0
      objectReference: {fileID: 0}
    - target: {fileID: 2796809495173082865, guid: 3c2fea5aadf2db545bc61dd3dd2dbf30, type: 3}
      propertyPath: m_LocalRotation.z
      value: 0
      objectReference: {fileID: 0}
    - target: {fileID: 2796809495173082865, guid: 3c2fea5aadf2db545bc61dd3dd2dbf30, type: 3}
      propertyPath: m_LocalEulerAnglesHint.x
      value: 0
      objectReference: {fileID: 0}
    - target: {fileID: 2796809495173082865, guid: 3c2fea5aadf2db545bc61dd3dd2dbf30, type: 3}
      propertyPath: m_LocalEulerAnglesHint.y
      value: 0
      objectReference: {fileID: 0}
    - target: {fileID: 2796809495173082865, guid: 3c2fea5aadf2db545bc61dd3dd2dbf30, type: 3}
      propertyPath: m_LocalEulerAnglesHint.z
      value: 0
      objectReference: {fileID: 0}
    m_RemovedComponents: []
  m_SourcePrefab: {fileID: 100100000, guid: 3c2fea5aadf2db545bc61dd3dd2dbf30, type: 3}
--- !u!1 &2779231196993169947 stripped
GameObject:
  m_CorrespondingSourceObject: {fileID: 2796809495173082864, guid: 3c2fea5aadf2db545bc61dd3dd2dbf30, type: 3}
  m_PrefabInstance: {fileID: 18457942018557163}
  m_PrefabAsset: {fileID: 0}
--- !u!4 &2779231196993169946 stripped
Transform:
  m_CorrespondingSourceObject: {fileID: 2796809495173082865, guid: 3c2fea5aadf2db545bc61dd3dd2dbf30, type: 3}
  m_PrefabInstance: {fileID: 18457942018557163}
  m_PrefabAsset: {fileID: 0}
--- !u!1001 &1958835195169205765
PrefabInstance:
  m_ObjectHideFlags: 0
  serializedVersion: 2
  m_Modification:
    m_TransformParent: {fileID: 2779231195173837161}
    m_Modifications:
    - target: {fileID: 4449272994455348106, guid: 4462dabe4aca5684397d6f396804b849, type: 3}
      propertyPath: m_Name
      value: FX_Disapear
      objectReference: {fileID: 0}
    - target: {fileID: 4449272994455348107, guid: 4462dabe4aca5684397d6f396804b849, type: 3}
      propertyPath: m_RootOrder
      value: 1
      objectReference: {fileID: 0}
    - target: {fileID: 4449272994455348107, guid: 4462dabe4aca5684397d6f396804b849, type: 3}
      propertyPath: m_LocalScale.x
      value: 1
      objectReference: {fileID: 0}
    - target: {fileID: 4449272994455348107, guid: 4462dabe4aca5684397d6f396804b849, type: 3}
      propertyPath: m_LocalScale.y
      value: 1
      objectReference: {fileID: 0}
    - target: {fileID: 4449272994455348107, guid: 4462dabe4aca5684397d6f396804b849, type: 3}
      propertyPath: m_LocalScale.z
      value: 1
      objectReference: {fileID: 0}
    - target: {fileID: 4449272994455348107, guid: 4462dabe4aca5684397d6f396804b849, type: 3}
      propertyPath: m_LocalPosition.x
      value: 0
      objectReference: {fileID: 0}
    - target: {fileID: 4449272994455348107, guid: 4462dabe4aca5684397d6f396804b849, type: 3}
      propertyPath: m_LocalPosition.y
      value: 0
      objectReference: {fileID: 0}
    - target: {fileID: 4449272994455348107, guid: 4462dabe4aca5684397d6f396804b849, type: 3}
      propertyPath: m_LocalPosition.z
      value: 0
      objectReference: {fileID: 0}
    - target: {fileID: 4449272994455348107, guid: 4462dabe4aca5684397d6f396804b849, type: 3}
      propertyPath: m_LocalRotation.w
      value: 1
      objectReference: {fileID: 0}
    - target: {fileID: 4449272994455348107, guid: 4462dabe4aca5684397d6f396804b849, type: 3}
      propertyPath: m_LocalRotation.x
      value: 0
      objectReference: {fileID: 0}
    - target: {fileID: 4449272994455348107, guid: 4462dabe4aca5684397d6f396804b849, type: 3}
      propertyPath: m_LocalRotation.y
      value: 0
      objectReference: {fileID: 0}
    - target: {fileID: 4449272994455348107, guid: 4462dabe4aca5684397d6f396804b849, type: 3}
      propertyPath: m_LocalRotation.z
      value: 0
      objectReference: {fileID: 0}
    - target: {fileID: 4449272994455348107, guid: 4462dabe4aca5684397d6f396804b849, type: 3}
      propertyPath: m_LocalEulerAnglesHint.x
      value: 0
      objectReference: {fileID: 0}
    - target: {fileID: 4449272994455348107, guid: 4462dabe4aca5684397d6f396804b849, type: 3}
      propertyPath: m_LocalEulerAnglesHint.y
      value: 0
      objectReference: {fileID: 0}
    - target: {fileID: 4449272994455348107, guid: 4462dabe4aca5684397d6f396804b849, type: 3}
      propertyPath: m_LocalEulerAnglesHint.z
      value: 0
      objectReference: {fileID: 0}
    m_RemovedComponents: []
  m_SourcePrefab: {fileID: 100100000, guid: 4462dabe4aca5684397d6f396804b849, type: 3}
--- !u!1 &2779231196543454607 stripped
GameObject:
  m_CorrespondingSourceObject: {fileID: 4449272994455348106, guid: 4462dabe4aca5684397d6f396804b849, type: 3}
  m_PrefabInstance: {fileID: 1958835195169205765}
  m_PrefabAsset: {fileID: 0}
--- !u!4 &2779231196543454606 stripped
Transform:
  m_CorrespondingSourceObject: {fileID: 4449272994455348107, guid: 4462dabe4aca5684397d6f396804b849, type: 3}
  m_PrefabInstance: {fileID: 1958835195169205765}
  m_PrefabAsset: {fileID: 0}
--- !u!1001 &6628007270508946790
PrefabInstance:
  m_ObjectHideFlags: 0
  serializedVersion: 2
  m_Modification:
    m_TransformParent: {fileID: 2779231196030018451}
    m_Modifications:
    - target: {fileID: 9037239505371106593, guid: c0d032a64e42f6244a1b0d2fc6d026f8, type: 3}
      propertyPath: m_RootOrder
      value: 0
      objectReference: {fileID: 0}
    - target: {fileID: 9037239505371106593, guid: c0d032a64e42f6244a1b0d2fc6d026f8, type: 3}
      propertyPath: m_LocalPosition.x
      value: 0
      objectReference: {fileID: 0}
    - target: {fileID: 9037239505371106593, guid: c0d032a64e42f6244a1b0d2fc6d026f8, type: 3}
      propertyPath: m_LocalPosition.y
      value: 0
      objectReference: {fileID: 0}
    - target: {fileID: 9037239505371106593, guid: c0d032a64e42f6244a1b0d2fc6d026f8, type: 3}
      propertyPath: m_LocalPosition.z
      value: 0
      objectReference: {fileID: 0}
    - target: {fileID: 9037239505371106593, guid: c0d032a64e42f6244a1b0d2fc6d026f8, type: 3}
      propertyPath: m_LocalRotation.w
      value: 1
      objectReference: {fileID: 0}
    - target: {fileID: 9037239505371106593, guid: c0d032a64e42f6244a1b0d2fc6d026f8, type: 3}
      propertyPath: m_LocalRotation.x
      value: -0
      objectReference: {fileID: 0}
    - target: {fileID: 9037239505371106593, guid: c0d032a64e42f6244a1b0d2fc6d026f8, type: 3}
      propertyPath: m_LocalRotation.y
      value: -0
      objectReference: {fileID: 0}
    - target: {fileID: 9037239505371106593, guid: c0d032a64e42f6244a1b0d2fc6d026f8, type: 3}
      propertyPath: m_LocalRotation.z
      value: -0
      objectReference: {fileID: 0}
    - target: {fileID: 9037239505371106593, guid: c0d032a64e42f6244a1b0d2fc6d026f8, type: 3}
      propertyPath: m_LocalEulerAnglesHint.x
      value: 0
      objectReference: {fileID: 0}
    - target: {fileID: 9037239505371106593, guid: c0d032a64e42f6244a1b0d2fc6d026f8, type: 3}
      propertyPath: m_LocalEulerAnglesHint.y
      value: 0
      objectReference: {fileID: 0}
    - target: {fileID: 9037239505371106593, guid: c0d032a64e42f6244a1b0d2fc6d026f8, type: 3}
      propertyPath: m_LocalEulerAnglesHint.z
      value: 0
      objectReference: {fileID: 0}
    - target: {fileID: 9037239505371106594, guid: c0d032a64e42f6244a1b0d2fc6d026f8, type: 3}
      propertyPath: m_Name
      value: Player
      objectReference: {fileID: 0}
    - target: {fileID: 9037239505371106599, guid: c0d032a64e42f6244a1b0d2fc6d026f8, type: 3}
      propertyPath: FX_Disapear
      value: 
      objectReference: {fileID: 2779231196543454607}
    - target: {fileID: 9037239505371106599, guid: c0d032a64e42f6244a1b0d2fc6d026f8, type: 3}
      propertyPath: FX_Dust_Land
      value: 
      objectReference: {fileID: 2779231196993169947}
    m_RemovedComponents: []
  m_SourcePrefab: {fileID: 100100000, guid: c0d032a64e42f6244a1b0d2fc6d026f8, type: 3}
--- !u!4 &2779231195234428999 stripped
Transform:
  m_CorrespondingSourceObject: {fileID: 9037239505371106593, guid: c0d032a64e42f6244a1b0d2fc6d026f8, type: 3}
  m_PrefabInstance: {fileID: 6628007270508946790}
  m_PrefabAsset: {fileID: 0}
